@online{parent:documentation-html-css,
  title        = {Documentation HTML CSS},
  date         = {1998–2023},
  organization = {mozilla},
  author       = { individual mozilla.org contributor},
  url          = {https://developer.mozilla.org/en-US/docs/Web/HTML},
  urldate      = {2023-03-02}
}
@online{parent:documentation-github,
  title        = {Documentation GitHub},
  date         = {2023},
  organization = {GitHub},
  author       = {© 2023 GitHub, Inc.},
  url          = {https://docs.github.com/en},
  urldate      = {2023-04-02}
}
